@misc{Berceo,
  author =   {R. Berceo},
  title =    {Normativisation, a priority for {A}ragonese.},
  journal =  {I Mercator International Symposium on Minority Languages and Research},
  year =     {2003},
  howpublished = {\url{http://www.aber.ac.uk/mercator/images/Bercero.pdf}}
}

@Article{Forcada,
  author =       {Mikel L. Forcada and Mireia Ginest\'i-Rosell and
                  Jacob Nordfalk and Jim O'Regan and Sergio
                  Ortiz-Rojas and Juan Antonio P\'erez-Ortiz and
                  Felipe S\'anchez-Mart\'inez, Gema
                  Ram\'irez-S\'anchez and Francis M. Tyers},
  title =        {Apertium: a free/open-source platform for rule-based
                  machine translation},
  journal =      {Machine Translation},
  year =         2011,
  note =         {OnlineFirst}
}

@article{Metzeltin,
  author =    {M. Metzeltin},
  title =     {Las lenguas románicas estándar. Historia de su formación y de su uso.},
  publisher = {Academia de la Llingua Asturiana.},
  year =      {2004},
}

@misc{EFA,
  author =   "{Estudio de Filolochía Aragonesa}",
  title =    {Propuesta ortográfica de l'Academia del Aragonés.},
  year =     {2010},
  note = {\url{http://www.academiadelaragones.org/biblio/EDACAR7_2.pdf}},
  booktitle = {Edicions Dichitals de l'Academia de l'Aragonés.}
}


@misc{UNESCO,
  author =   {UNESCO},
  year = {2009}, 
  title = {Interactive World Atlas of Endangered Languages.},
  howpublished = {\url{http://www.unesco.org/culture/ich/index.php?pg=00206}}
}

@inproceedings{Unhammer,  
  address = {Alicante},
  author = {Kevin Unhammer and Trond Trosterud},
  booktitle = {{Proceedings of the First International Workshop on Free/Open-Source Rule-Based Machine Translation}},
  pages = {35--42},
  title = {{Reuse of Free Resources in Machine Translation between Nynorsk and Bokm{\aa}l}},
  url = {http://hdl.handle.net/10045/12025},
  year = 2009,
}

@misc{Paricio,
  author = {Santiago Paricio and Juan Pablo Mart\'inez},
  year = {2010},
  title =    {New ways of revitalization for minority languages: the impact of the internet in the case of {A}ragonese.},
  booktitle = {Digithum, no. 12.},
  howpublished = {\url{http://www.uoc.edu/ojs/index.php/digithum/article/download/n12-paricio-martinez/n12-paricio-martinez-eng}}  
}

@inproceedings{Ruth,  
  address = {Barcelona},
  author = {Joanna Ruth and Jimmy O'Regan},
  booktitle = {{Second International Workshop on Free/Open-SourceRule-Based Machine Translation}},
  pages = {69--76},
  isbn = {978-84-693-9517-2},
  title = {{Shallow-transfer rule-based machine translation for Czech to Polish}},
  url = {http://hdl.handle.net/10609/5650},
  year = 2011,
}

@inproceedings{Spotlight,
    author = {Mendes, Pablo N. and Jakob, Max and Garc\'{\i}a-Silva, Andr\'{e}s and Bizer, Christian},
    booktitle = {7th International Conference on Semantic Systems (I-Semantics)},
    citeulike-article-id = {9893296},
    keywords = {ie},
    location = {Graz, Austria},
    posted-at = {2011-10-12 10:21:37},
    priority = {2},
    title = {{DBpedia Spotlight: Shedding Light on the Web of Documents}},
    year = {2011}
}

@incollection{DBpedia,
    address = {Berlin, Heidelberg},
    author = {Auer, S\"{o}ren and Bizer, Christian and Kobilarov, Georgi and Lehmann, Jens and Cyganiak, Richard and Ives, Zachary},
    booktitle = {The Semantic Web},
    chapter = {52},
    citeulike-article-id = {2901818},
    doi = {10.1007/978-3-540-76298-0\_52},
    isbn = {978-3-540-76297-3},
    journal = {The Semantic Web},
    keywords = {dbpedia},
    pages = {722--735},
    posted-at = {2009-04-23 06:29:02},
    priority = {2},
    publisher = {Springer Berlin / Heidelberg},
    series = {Lecture Notes in Computer Science},
    title = {{DBpedia: A Nucleus for a Web of Open Data}},
    url = {http://iswc2007.semanticweb.org/papers/ISWC2007\_IU\_Auer.pdf},
    volume = {4825},
    year = {2007}
}

@inproceedings{bleu,
 author = {Papineni, Kishore and Roukos, Salim and Ward, Todd and Zhu, Wei-Jing},
 title = {BLEU: a method for automatic evaluation of machine translation},
 booktitle = {Proceedings of the 40th Annual Meeting on Association for Computational Linguistics},
 series = {ACL '02},
 year = {2002},
 location = {Philadelphia, Pennsylvania},
 pages = {311--318},
 numpages = {8},
 url = {http://dx.doi.org/10.3115/1073083.1073135},
 doi = {10.3115/1073083.1073135},
 acmid = {1073135},
 publisher = {Association for Computational Linguistics},
 address = {Stroudsburg, PA, USA},
}

@inproceedings{burch,
  author    = {Chris Callison-Burch and
               Miles Osborne and
               Philipp Koehn},
  title     = {{Re-evaluation the Role of BLEU in Machine Translation Research}},
  booktitle = {Proceedings of EACL 2006, 11th Conference of the European Chapter of the
               Association for Computational Linguistics},
  address   = {Trento, Italy},
  year      = {2006},
  ee        = {http://acl.ldc.upenn.edu/E/E06/E06-1032.pdf},
  bibsource = {DBLP, http://dblp.uni-trier.de}
}

@Article{sanchez-martinez11a,
  author =       {Felipe S\'anchez-Mart\'inez and Rafael C. Carrasco},
  title =        {Document translation retrieval based on statistical
                  machine translation techniques},
  journal =      {Applied Artificial Intelligence},
  year =         2011,
  volume =       25,
  number =       5,
  pages =        {329--340},
  month =        {May}
}

@inproceedings{relearn,
 author = {Dugast, Lo\"{\i}c and Senellart, Jean and Koehn, Philipp},
 title = {Can we relearn an {RBMT} system?},
 booktitle = {Proceedings of the Third Workshop on Statistical Machine Translation},
 series = {StatMT '08},
 year = {2008},
 isbn = {978-1-932432-09-1},
 location = {Columbus, Ohio},
 pages = {175--178},
 numpages = {4},
 url = {http://dl.acm.org/citation.cfm?id=1626394.1626421},
 acmid = {1626421},
 publisher = {Association for Computational Linguistics},
 address = {Stroudsburg, PA, USA},
} 